!TRNS	TRNSID	TRNSTYPE	DATE	ACCNT	NAME	CLASS	AMOUNT	DOCNUM	MEMO	CLEAR	TOPRINT	NAMEISTAXABLE	ADDR1	ADDR2	ADDR3	ADDR4	ADDR5	DUEDATE	TERMS																					
!SPL	SPLID	TRNSTYPE	DATE	ACCNT	NAME	CLASS	AMOUNT	DOCNUM	MEMO	CLEAR	QNTY	PRICE	INVITEM	PAYMETH	TAXABLE	VALADJ	REIMBEXP	SERVICEDATE	OTHER2																					
!ENDTRNS																																								
TRNS	50	CASH SALE	7/16/1998	Undeposited Funds	Customer		10	1		N	Y	N	Customer					7/16/1998		N			7/16/1998						Memo goes here										N	N
SPL	51	CASH SALE	7/16/1998	Income Account			-10			N		10	Sales Item		N	N	NOTHING																							
ENDTRNS																																								
