!TRNS	TRNSID	TRNSTYPE	DATE	ACCNT	NAME	CLASS	AMOUNT	DOCNUM	MEMO	CLEAR	TOPRINT	ADDR1	ADDR2	ADDR3	ADDR4	ADDR5	DUEDATE	TERMS	PAID	SHIPDATE																				
!SPL	SPLID	TRNSTYPE	DATE	ACCNT	NAME	CLASS	AMOUNT	DOCNUM	MEMO	CLEAR	QNTY	PRICE	INVITEM	PAYMETH	TAXABLE	REIMBEXP	EXTRA																							
!ENDTRNS																																								
TRNS	53	INVOICE	7/16/1998	Accounts Receivable	Customer		20	1		N	N	N	Customer					7/16/1998		N			7/16/1998																N	N
SPL	54	INVOICE	7/16/1998	Income Account			-20			N	-2	10	Sales Item		N	N	NOTHING																							
ENDTRNS																																								
