!TRNS	TRNSID	TRNSTYPE	DATE	ACCNT	NAME	CLASS	AMOUNT	DOCNUM	MEMO	CLEAR	TOPRINT	NAMEISTAXABLE	ADDR1	ADDR2	ADDR3	ADDR4	ADDR5	DUEDATE	TERMS	PAID	PAYMETH	SHIPVIA	SHIPDATE	OTHER1	REP	FOB	PONUM	INVTITLE	INVMEMO	SADDR1	SADDR2	SADDR3	SADDR4	SADDR5	PAYITEM	YEARTODATE	WAGEBASE	EXTRA	TOSEND	ISAJE
!SPL	SPLID	TRNSTYPE	DATE	ACCNT	NAME	CLASS	AMOUNT	DOCNUM	MEMO	CLEAR	QNTY	PRICE	INVITEM	PAYMETH	TAXABLE	VALADJ	REIMBEXP	SERVICEDATE	OTHER2	OTHER3	PAYITEM	YEARTODATE	WAGEBASE	EXTRA																
!ENDTRNS																																								
TRNS	168	ESTIMATE	7/27/2006	Estimates	Customer	Class Name	200	12		N	N							7/27/2006		N			7/27/2006																N	N
SPL	169	ESTIMATE	7/27/2006	Income Account		Class Name	-100			N	-1	100	Sales Item		N	N	NOTHING																							
SPL	170	ESTIMATE	7/27/2006	Income Account		Class Name	-100			N	-1	100	Sales Item		N	N	NOTHING																							
ENDTRNS																																								
