!TRNS	TRNSID	TRNSTYPE	DATE	ACCNT	NAME	CLASS	AMOUNT	DOCNUM	MEMO	CLEAR	TOPRINT	NAMEISTAXABLE	ADDR1	ADDR2	ADDR3	ADDR4	DUEDATE	TERMS	PAID	SHIPVIA	SHIPDATE	OTHER1	REP	FOB	PONUM	INVTITLE	INVMEMO	SADDR1	SADDR2	SADDR3										
!SPL	SPLID	TRNSTYPE	DATE	ACCNT	NAME	CLASS	AMOUNT	DOCNUM	MEMO	CLEAR	QNTY	PRICE	INVITEM	PAYMETH	TAXABLE	VALADJ	SERVICEDATE	OTHER2	OTHER3			EXTRA																		
!ENDTRNS																																								
TRNS	62	CREDIT MEMO	7/16/1998	Accounts Receivable	Customer		-10	2		N	Y	N	Customer					7/16/1998		N			7/16/1998																N	N
SPL	63	CREDIT MEMO	7/16/1998	Income Account			10		Credit Memo No Tax	N	1	10	Sales Item		N	N	NOTHING																							
ENDTRNS																																								
