!TRNS	TRNSID	TRNSTYPE	DATE	ACCNT	NAME	AMOUNT	DOCNUM	MEMO	CLEAR	TOPRINT	NAMEIS TAXABLE	ADDR1
!SPL	SPLID	TRNSTYPE	DATE	ACCNT	NAME	AMOUNT	DOCNUM	MEMO	CLEAR	QNTY	PRICE	INVITEM
!ENDTRNS												
TRNS		STMT CHG	7/1/1998	Accounts Receivable	Customer	165			N	N	N	
SPL		STMT CHG	7/1/1998	Expense Account		-165			N	-3	55	Sales item
ENDTRNS												
