!TRNS	TRNSID	TRNSTYPE	DATE	ACCNT	NAME	CLASS	AMOUNT	CLEAR	TOPRINT	NAMEISTAXABLE
!SPL	SPLID	TRNSTYPE	DATE	ACCNT	NAME	CLASS	AMOUNT	CLEAR	QNTY	PRICE
!ENDTRNS										
TRNS		BILL REFUND	7/12/1998	Accounts Payable	Vendor		35	N	N	N
SPL		BILL REFUND	7/12/1998	Expense Account			-35	N		
ENDTRNS										
