!TRNS	TRNSID	TRNSTYPE	DATE	ACCNT	NAME	CLASS	AMOUNT	DOCNUM	MEMO	CLEAR	TOPRINT	NAMEISTAXABLE	ADDR1	ADDR2	ADDR3	ADDR4	ADDR5	DUEDATE	TERMS	PAID	PAYMETH	SHIPVIA	SHIPDATE	OTHER1	REP	FOB	PONUM	INVTITLE	INVMEMO	SADDR1	SADDR2	SADDR3	SADDR4	SADDR5	PAYITEM	YEARTODATE	WAGEBASE	EXTRA	TOSEND	ISAJE
!SPL	SPLID	TRNSTYPE	DATE	ACCNT	NAME	CLASS	AMOUNT	DOCNUM	MEMO	CLEAR	QNTY	PRICE	INVITEM	PAYMETH	TAXABLE	VALADJ	REIMBEXP	SERVICEDATE	OTHER2	OTHER3	PAYITEM	YEARTODATE	WAGEBASE	EXTRA																
!ENDTRNS																																								
TRNS	2	ESTIMATE	7/26/2006	Estimates	Customer		10	1		N	N	N	Customer					7/26/2006		N			7/26/2006																N	N
SPL	3	ESTIMATE	7/26/2006	IncomeAcct			-10		Item Description for IIF sample	N		10	Item		N	N	NOTHING																							
ENDTRNS																																								
