!VEND	NAME	REFNUM	TIMESTAMP	PRINTAS	ADDR1	ADDR2	ADDR3	ADDR4	ADDR5	VTYPE	CONT1	CONT2	PHONE1	PHONE2	FAXNUM	EMAIL	NOTE	TAXID	LIMIT	TERMS	NOTEPAD	SALUTATION	COMPANYNAME	FIRSTNAME	MIDINIT	LASTNAME	CUSTFLD1	CUSTFLD2	CUSTFLD3	CUSTFLD4	CUSTFLD5	CUSTFLD6	CUSTFLD7	CUSTFLD8	CUSTFLD9	CUSTFLD10	CUSTFLD11	CUSTFLD12	CUSTFLD13	CUSTFLD14	CUSTFLD15	1099	HIDDEN	DELCOUNT
VEND	Vendor	1	1154037562																																							N	N	0
!TRNS	TRNSID	TRNSTYPE	DATE	ACCNT	NAME	CLASS	AMOUNT	DOCNUM	CLEAR	TOPRINT	ADDR5																																	
!SPL	SPLID	TRNSTYPE	DATE	ACCNT	NAME	CLASS	AMOUNT	DOCNUM	CLEAR	QNTY	REIMBEXP																																	
!ENDTRNS																																												
TRNS	140	CHECK	7/16/1998	Checking	Vendor		-110			N	Y	N	Vendor							N																			N	N				
SPL	141	CHECK	7/16/1998	Expense Account			100		Expense memo	N					N	N	NOTHING																											
SPL	142	CHECK	7/16/1998	Expense Account			10			N		10	TestItemChk		N	N	NOTHING																											
ENDTRNS																																												
