!VEND	NAME	REFNUM	TIMESTAMP	PRINTAS	ADDR1	ADDR2	ADDR3	ADDR4	ADDR5	VTYPE	CONT1	CONT2	PHONE1	PHONE2	FAXNUM	EMAIL	NOTE	TAXID	LIMIT	TERMS	NOTEPAD	SALUTATION	COMPANYNAME	FIRSTNAME	MIDINIT	LASTNAME	CUSTFLD1	CUSTFLD2	CUSTFLD3	CUSTFLD4	CUSTFLD5	CUSTFLD6	CUSTFLD7	CUSTFLD8	CUSTFLD9	CUSTFLD10	CUSTFLD11	CUSTFLD12	CUSTFLD13	CUSTFLD14	CUSTFLD15	1099	HIDDEN	DELCOUNT
VEND	Vendor	1	1154037562																																							N	N	0
!TRNS	TRNSID	TRNSTYPE	DATE	ACCNT	NAME	CLASS	AMOUNT	DOCNUM	MEMO	CLEAR	TOPRINT	NAMEISTAXABLE	ADDR1																															
!SPL	SPLID	TRNSTYPE	DATE	ACCNT	NAME	CLASS	AMOUNT	DOCNUM	MEMO	CLEAR	QNTY	PRICE	INVITEM																															
!ENDTRNS																																												
TRNS	98	PURCHORD	7/25/2006	Purchase Orders	Vendor		-10	1		N	Y	N						7/25/2006		N			7/25/2006							Test IIF									N	N				
SPL	99	PURCHORD	7/25/2006	Expense Account			10			N	1	10	PO Item		N	N	NOTHING																											
ENDTRNS																																												
